Scopus
EXPORT DATE: 15 June 2021

@ARTICLE{POMDP,
author={Kaelbling, L.P. and Littman, M.L. and Cassandra, A.R.},
title={Planning and acting in partially observable stochastic domains},
journal={Artificial Intelligence},
year={1998},
volume={101},
number={1-2},
pages={99-134},
doi={10.1016/s0004-3702(98)00023-x},
url={https://www.scopus.com/inward/record.uri?eid=2-s2.0-0032073263&doi=10.1016%2fs0004-3702%2898%2900023-x&partnerID=40&md5=6867b4d6a449f6eb029a3910dc6910a0},
document_type={Article},
source={Scopus},
}
